@article{Abbasov2023PRIMARY,
   title   = {PRIMARY OIL REFINING AND HEAT EXCHANGER APPARATUS},
   author  = {Natig Abbasov Natig Abbasov and Farahim Tahmazov Farahim Tahmazov},
   year    = {2023},
   journal = {ETM - Equipment, Technologies, Materials},
   doi     = {10.36962/etm14022023-147},
}

@article{foret2020sharpness,
   title   = {Sharpness-aware minimization for efficiently improving generalization},
   author  = {Foret, Pierre and Kleiner, Ariel and Mobahi, Hossein and Neyshabur, Behnam},
   year    = {2020},
   journal = {arXiv preprint arXiv:2010.01412},
}
@inproceedings{fujita2023acoustic,
   title        = {Acoustic Monitoring in Industrial Plants with Autoencoders and a Mobile Robot},
   author       = {Fujita, Hayato and Louhi~Kasahara, Jun Younes and Kanda, Shinji and Nagatani, Keiji and Kasahara, Seiji and Fukumoto, Seigo and Tamura, Sunao and Kato, Toshiya and Korenaga, Masahiro and Sasamura, Akinobu and others},
   year         = {2023},
   booktitle    = {2023 20th International Conference on Ubiquitous Robots (UR)},
   organization = {IEEE},
   pages        = {510--514},
}
@inproceedings{ganchev2005comparative,
   title     = {Comparative evaluation of various \uppercase{MFCC} implementations on the speaker verification task},
   author    = {Ganchev, Todor and Fakotakis, Nikos and Kokkinakis, George},
   year      = {2005},
   publisher = {International Speech Communication Association},
   booktitle = {Proceedings of the International Conference on Speech and Computer (SPECOM)},
   pages     = {191--194},
   volume    = {1},
}

@article{Gupta2017Familiarization,
   title  = {Familiarization With Process Equipment},
   author = {M. Gupta},
   year   = {2017},
   doi    = {10.1016/B978-1-63067-050-4.00014-3},
   pages  = {375-421},
}

@inproceedings{milani2021abnormal,
   title     = {Abnormal heart sound classification using phonocardiography signals},
   author    = {Milani, MGM and Abas, Pg Emeroylariffion and De Silva, Liyanage C and Nanayakkara, Nuwan D},
   year      = {2021},
   publisher = {Elsevier},
   booktitle = {Smart Health},
   pages     = {100194},
   volume    = {21},
}

@inproceedings{muller2007information,
   title     = {Information retrieval for music and motion},
   author    = {M{\"u}ller, Meinard},
   year      = {2007},
   publisher = {Springer},
   booktitle = {},
}

@inproceedings{nilanon2016normal,
   title        = {Normal/abnormal heart sound recordings classification using convolutional neural network},
   author       = {Nilanon, Tanachat and Yao, Jiayu and Hao, Junheng and Purushotham, Sanjay and Liu, Yan},
   year         = {2016},
   booktitle    = {2016 Computing in Cardiology Conference (CinC)},
   organization = {IEEE},
   pages        = {585--588},
}

@inproceedings{oh2018residual,
   title     = {Residual error based anomaly detection using auto-encoder in SMD machine sound},
   author    = {Oh, Dong Yul and Yun, Il Dong},
   year      = {2018},
   publisher = {MDPI},
   booktitle = {Sensors},
   number    = {5},
   pages     = {1308},
   volume    = {18},
}

@article{Tang2021,
  author    = {Zhenhua Tang and Zhirong Wang and Yawei Lu and Peipei Sun},
  title     = {Cause analysis and preventive measures of pipeline corrosion and leakage accident in alkylation unit},
  journal   = {Engineering Failure Analysis},
  volume    = {128},
  pages     = {105623},
  year      = {2021},
  doi       = {10.1016/j.engfailanal.2021.105623}
}

@article{Shvindin2008A,
   title   = {A new-generation pumping equipment for oil refineries},
   author  = {A. I. Shvindin and A. G. Soloshchenko and O. S. Lâ€™vov},
   year    = {2008},
   journal = {Chemical and Petroleum Engineering},
   doi     = {10.1007/S10556-008-9026-6},
   pages   = {143-148},
   volume  = {44},
}
