@web_page{ritchie2023energy,
   title  = {Data Page: Oil Consumption},
   author = {Hannah Ritchie and Pablo Rosado and Max Roser},
   year   = {2023},
   access = {2024.12.11},
   order  = {1},
   url    = {https://ourworldindata.org/grapher/oil-consumption-by-region-terawatt-hours-twh},
   yomi   = {リッチ, ハンナ 他},
}
@web_page{eneos2024,
   title  = {ENEOS},
   author = {ENEOS株式会社},
   year   = {2024},
   access = {2024.1.17},
   order  = {1},
   url    = {https://www.eneos.co.jp/},
   yomi   = {エネオスかぶしきかいしゃ},
}
